<record><leader>00000cas a2200000 a 4500</leader><controlfield tag="001">43345579</controlfield><controlfield tag="008">000125c199u9999nyuwr ne      0    0eng c</controlfield><datafield ind1=" " ind2=" " tag="010"><subfield code="a">sn 00063000 </subfield></datafield><datafield ind1=" " ind2=" " tag="040"><subfield code="a">NYS</subfield><subfield code="b">eng</subfield><subfield code="c">NYS</subfield><subfield code="d">OCL</subfield><subfield code="d">OCLCQ</subfield><subfield code="d">OCLCF</subfield></datafield><datafield ind1=" " ind2=" " tag="019"><subfield code="a">226090822</subfield></datafield><datafield ind1="1" ind2=" " tag="029"><subfield code="a">AU@</subfield><subfield code="b">000021316124</subfield></datafield><datafield ind1=" " ind2=" " tag="037"><subfield code="b">242 West 30th Street, 5th Floor, NY, NY 10001</subfield></datafield><datafield ind1=" " ind2=" " tag="042"><subfield code="a">pcc</subfield></datafield><datafield ind1=" " ind2=" " tag="043"><subfield code="a">n-us-ny</subfield></datafield><datafield ind1="0" ind2=" " tag="130"><subfield code="a">Spirit (New York, N.Y. : 1999)</subfield></datafield><datafield ind1="1" ind2="4" tag="245"><subfield code="a">The spirit.</subfield></datafield><datafield ind1="1" ind2="3" tag="246"><subfield code="a">Manhattan spirit</subfield></datafield><datafield ind1=" " ind2=" " tag="260"><subfield code="a">N[ew] Y[ork], NY :</subfield><subfield code="b">Access Network Corp.</subfield></datafield><datafield ind1=" " ind2=" " tag="300"><subfield code="a">v. :</subfield><subfield code="b">ill. (some col.) ;</subfield><subfield code="c">36 cm.</subfield></datafield><datafield ind1=" " ind2=" " tag="310"><subfield code="a">Weekly (published on Thursday)</subfield></datafield><datafield ind1=" " ind2=" " tag="500"><subfield code="a">"Manhattan's Neighborhood Newspaper."</subfield></datafield><datafield ind1=" " ind2=" " tag="500"><subfield code="a">"Manhattan Spirit is a division of News Communications, Inc. publishers of Our Town, Queens Tribune, Bronx Press Review, Riverdale Review, Dan's Papers, Chelsea Clinton News, Long Island Community Newspapers, The Westsider, Brooklyn Skyline, and The Hill."</subfield></datafield><datafield ind1=" " ind2=" " tag="500"><subfield code="a">Publisher/Editor-in-Chief: Tom Allon.</subfield></datafield><datafield ind1=" " ind2=" " tag="588"><subfield code="a">Description based on: Vol. 15, no. 51 (Dec. 9, 1999).</subfield></datafield><datafield ind1=" " ind2="0" tag="651"><subfield code="a">New York (N.Y.)</subfield><subfield code="v">Newspapers.</subfield></datafield><datafield ind1=" " ind2="0" tag="651"><subfield code="a">New York County (N.Y.)</subfield><subfield code="v">Newspapers.</subfield></datafield><datafield ind1=" " ind2="7" tag="655"><subfield code="a">Newspapers.</subfield><subfield code="2">fast</subfield><subfield code="0">(OCoLC)fst01423814</subfield></datafield><datafield ind1=" " ind2="7" tag="651"><subfield code="a">New York (State)</subfield><subfield code="z">New York.</subfield><subfield code="2">fast</subfield><subfield code="0">(OCoLC)fst01204333</subfield></datafield><datafield ind1=" " ind2="7" tag="651"><subfield code="a">New York (State)</subfield><subfield code="z">New York County.</subfield><subfield code="2">fast</subfield><subfield code="0">(OCoLC)fst01234953</subfield></datafield><datafield ind1=" " ind2=" " tag="752"><subfield code="a">United States</subfield><subfield code="b">New York</subfield><subfield code="c">New York</subfield><subfield code="d">New York.</subfield></datafield><datafield ind1="0" ind2="0" tag="780"><subfield code="t">Manhattan spirit</subfield><subfield code="w">(DLC)sn 92060441</subfield><subfield code="w">(OCoLC)25848415</subfield></datafield><datafield ind1="4" ind2="1" tag="856"><subfield code="u">http://www.manhattanspirit.com</subfield></datafield></record>